@inbook{SVM_Complexity,
author = {Bottou, LÃ©on and Lin, Chih-Jen},
year = {2007},
month = {01},
pages = {301-320},
title = {Support Vector Machine Solvers}
}